<?xml version="1.0" ?>
<bibRecords>
  <bibRecord><bib><owningInstitutionId>NYPL</owningInstitutionId><owningInstitutionBibId>.b100186026</owningInstitutionBibId><content><collection xmlns="http://www.loc.gov/MARC21/slim"><record><controlfield tag="001">NYPG026-S</controlfield><controlfield tag="005">20000925124546.4</controlfield><controlfield tag="008">810602c18749999iluwr1p       0   a1eng a</controlfield><datafield ind1=" " ind2=" " tag="010"><subfield code="z">78000099sn</subfield></datafield><datafield ind1="0" ind2=" " tag="022"><subfield code="a">0002-8452</subfield></datafield><datafield ind1=" " ind2=" " tag="040"><subfield code="a">MUL</subfield><subfield code="c">MUL</subfield><subfield code="d">NIC</subfield><subfield code="d">NSDP</subfield><subfield code="d">NN</subfield><subfield code="d">WaOLN</subfield></datafield><datafield ind1=" " ind2=" " tag="042"><subfield code="a">nsdp</subfield></datafield><datafield ind1=" " ind2=" " tag="043"><subfield code="a">n-us---</subfield></datafield><datafield ind1=" " ind2="0" tag="222"><subfield code="a">American field</subfield></datafield><datafield ind1="0" ind2="0" tag="245"><subfield code="a">American field.</subfield></datafield><datafield ind1="1" ind2="0" tag="247"><subfield code="a">Chicago field</subfield><subfield code="f">Feb. 16, 1878-June 22, 1881</subfield></datafield><datafield ind1="1" ind2="0" tag="247"><subfield code="a">Field</subfield><subfield code="f">Mar. 27, 1875-Feb. 12, 1876</subfield></datafield><datafield ind1="1" ind2="0" tag="247"><subfield code="a">Field and stream</subfield><subfield code="f">Feb. 21, 1874-Mar. 20, 1875</subfield></datafield><datafield ind1=" " ind2=" " tag="260"><subfield code="a">Chicago :</subfield><subfield code="b">Field and Stream Association,</subfield><subfield code="c">1874-</subfield></datafield><datafield ind1="0" ind2="0" tag="299"><subfield code="a">American field.</subfield></datafield><datafield ind1="1" ind2="0" tag="299"><subfield code="a">Chicago field</subfield><subfield code="f">Feb. 16, 1878-June 22, 1881.</subfield></datafield><datafield ind1="1" ind2="0" tag="299"><subfield code="a">Field</subfield><subfield code="f">Mar. 27, 1875-Feb. 12, 1876.</subfield></datafield><datafield ind1="1" ind2="0" tag="299"><subfield code="a">Field and stream</subfield><subfield code="f">Feb. 21, 1874-Mar. 20, 1875.</subfield></datafield><datafield ind1=" " ind2=" " tag="300"><subfield code="a">v. :</subfield><subfield code="b">ill. ;</subfield><subfield code="c">31-42 cm.</subfield></datafield><datafield ind1="0" ind2=" " tag="362"><subfield code="a">Vol. 1, no. 1 (Feb. 21, 1874)-</subfield></datafield><datafield ind1=" " ind2="0" tag="650"><subfield code="a">Hunting</subfield><subfield code="v">Periodicals.</subfield></datafield><datafield ind1=" " ind2="0" tag="650"><subfield code="a">Fishing</subfield><subfield code="v">Periodicals.</subfield></datafield><datafield ind1="2" ind2=" " tag="710"><subfield code="a">Field and Stream Association.</subfield></datafield><datafield ind1=" " ind2=" " tag="907"><subfield code="a">.b100186026</subfield><subfield code="c">s</subfield><subfield code="d">a</subfield><subfield code="e">-</subfield><subfield code="f">eng</subfield><subfield code="g">ilu</subfield><subfield code="h">0</subfield><subfield code="i">145</subfield></datafield><datafield ind1=" " ind2=" " tag="952"><subfield code="h">N-10 2623</subfield></datafield><datafield ind1=" " ind2=" " tag="991"><subfield code="y">1479864</subfield></datafield><datafield ind1=" " ind2=" " tag="035"><subfield code="a">(OCoLC)1479864</subfield></datafield><leader>21320cas a2203841 a 4500</leader></record></collection></content></bib><holdings><holding><owningInstitutionHoldingsId/><content><collection xmlns="http://www.loc.gov/MARC21/slim"><record><datafield ind1="8" ind2=" " tag="852"><subfield code="b">rc2ma</subfield><subfield code="h">N-10 2623</subfield></datafield><datafield ind1=" " ind2=" " tag="866"><subfield code="a">v. 1-2 (Feb. 1874-Feb. 1875), v. 3-4 1875-76, v. 11-12 June 7 1879-Feb 7 1880, v. 12-14 1880, v. 14-15 1881, v. 16 1881, v. 18 1882, v. 17 1881, v. 19 1883, v. 20 1883, v. 21 1884, v. 22 1884, v. 23 1885, v. 24 1885, v. 25 Jan-June 1886, v. 26 July-Dec 1886, v. 27 Jan-June 1887, v. 28 July-Dec 1887, v. 29 1888, v. 30 1888, v. 31 1889, v. 32 1889, v. 33 1890, v. 34 1890, v. 35 1891, v. 45-47 1896-7, v. 50 1898, v. 51 1899, v. 53 1900, v. 55-6 1901 inc., v. 54 1900 inc., 1906, v. 62 1904, v. 63 1905, v. 64 1905, v. 36 1891, v. 65 1906, v. 105 1926, v. 107 Jan-June 1927, v. 108 July-Dec 1927, v. 109 Jan-June 1928, v. 110 July-Dec 1928, v. 111 Jan-June 1929, v. 112 July-Dec 1929, v. 113 Jan-June 1930, v. 114 July-Dec 1930, v. 115 Jan-June 1931, v. 116 July-Dec 1931, v. 117 Jan-June 1932, v. 118 July-Dec 1932, v. 119 Jan-June 1933, v. 120 July-Dec 1933, v. 121 Jan-June 1934, v. 122 July-Dec 1934, v. 123 Jan-June 1935, v. 124 July-Dec 1935, v. 125 Jan-June 1936, v. 126 July-Dec 1936, v. 127 Jan-June 1938, v. 128 July-Dec 1937, v. 129 Jan-June 1938, v. 130 July-Dec 1938, v. 131 Jan-June 1939, v. 132 July-Dec 1939, v. 133 Jan-June 1940, v. 134 July-Dec 1940, v. 135 Jan-June 1941, v. 136 July-Dec 1941, v. 137 Jan-June 1942, v. 138 July-Dec 1942, v. 139 Jan-June 1943, v. 140 July-Dec 1943, v. 141 Jan-June 1944, v. 142 July-Dec 1944, v. 143 Jan-June 1945, v. 144 July-Dec 1945, v. 145 Jan-June 1946, v. 146 July-Dec 1946, v. 147 Jan-June 1947, v. 148 July-Dec 1947, v. 149 Jan-June 1948, v. 150 July-Dec 1948, v. 151 Jan-June 1949, v. 152 July-Dec 1949, v. 153 Jan-June 1950, v. 154 July-Dec 1950, v. 155 Jan-June 1951, v. 156 July-Dec 1951, v. 157 Jan-June 1952, v. 158 July-Dec 1952, v. 159 Jan-June 1953, v. 160 July-Dec 1953, v. 161 Jan-June 1954, v. 162 July-Dec 1954, v. 163 Jan-June 1955, v. 164 July-Dec 1955, v. 165 Jan-June 1956, v. 166 July-Dec 1956, v. 167 Jan-June 1957, v. 168 July-Dec 1957, v. 169 Jan-June 1958, v. 170 July-Dec 1958, v. 171 Jan-June 1959, v. 172 July-Dec 1959, v. 173 Jan-June 1960, v. 174 July-Dec 1960, v. 175 Jan-June 1961, v. 176 July-Dec 1961, v. 177 Jan-June 1962, v. 178 July-Dec 1962, v. 179 Jan-June 1963, v. 180 July-Dec 1963, v. 181 Jan-June 1964, v. 182 July-Dec 1964, v. 183 Jan-June 1965, v. 184 July-Dec 1965, v. 185 Jan-June 1966, v. 186 July-Dec 1966, v. 187 Jan-June 1967, v. 188 July-Dec 1967, v. 189 Jan-June 1968, v. 190 July-Dec 1968, v. 191 Jan-June 1969, v. 192 July-Dec 1969, v. 193 Jan-June 1970, v. 194 July-Dec 1970, v. 195 Jan-June 1971, v. 196 July-Dec 1971, v. 197 Jan-June 1972, v. 198 July-Dec 1972, v. 199 Jan-June 1973, v. 200 July-Dec 1973, v. 201 Jan-June 1974, v. 202 July-Dec 1974, v. 203 Jan-June 1975, v. 204 July-Dec 1975, v. 205 Jan-June 1976, v. 206 July-Dec 1976, v. 207 Jan-June 1977, v. 208 July-Dec 1977, v. 210 July-Dec 1978, v. 209 Jan-June 1978, v. 211 Jan-June 1979, v. 212 July-Dec 1979, v. 52 1899 inc</subfield></datafield></record></collection></content><items><content><collection xmlns="http://www.loc.gov/MARC21/slim"><record><datafield ind1=" " ind2=" " tag="876"><subfield code="p">33433006978294</subfield><subfield code="h">In Library Use</subfield><subfield code="a">.i100093164</subfield><subfield code="j">Available</subfield><subfield code="t">1</subfield><subfield code="3">v. 1-2 (Feb. 1874-Feb. 1875)</subfield></datafield><datafield ind1=" " ind2=" " tag="900"><subfield code="a">Shared</subfield><subfield code="b">NA</subfield></datafield></record><record><datafield ind1=" " ind2=" " tag="876"><subfield code="p">33433006978302</subfield><subfield code="h">In Library Use</subfield><subfield code="a">.i100093176</subfield><subfield code="j">Available</subfield><subfield code="t">1</subfield><subfield code="3">v. 3-4 1875-76</subfield></datafield><datafield ind1=" " ind2=" " tag="900"><subfield code="a">Shared</subfield><subfield code="b">NA</subfield></datafield></record><record><datafield ind1=" " ind2=" " tag="876"><subfield code="p">33433006978310</subfield><subfield code="h">In Library Use</subfield><subfield code="a">.i100093188</subfield><subfield code="j">Available</subfield><subfield code="t">1</subfield><subfield code="3">v. 11-12 June 7 1879-Feb 7 1880</subfield></datafield><datafield ind1=" " ind2=" " tag="900"><subfield code="a">Shared</subfield><subfield code="b">NA</subfield></datafield></record><record><datafield ind1=" " ind2=" " tag="876"><subfield code="p">33433006978328</subfield><subfield code="h">In Library Use</subfield><subfield code="a">.i10009319x</subfield><subfield code="j">Available</subfield><subfield code="t">1</subfield><subfield code="3">v. 12-14 1880</subfield></datafield><datafield ind1=" " ind2=" " tag="900"><subfield code="a">Shared</subfield><subfield code="b">NA</subfield></datafield></record><record><datafield ind1=" " ind2=" " tag="876"><subfield code="p">33433006978336</subfield><subfield code="h">In Library Use</subfield><subfield code="a">.i100093206</subfield><subfield code="j">Available</subfield><subfield code="t">1</subfield><subfield code="3">v. 14-15 1881</subfield></datafield><datafield ind1=" " ind2=" " tag="900"><subfield code="a">Shared</subfield><subfield code="b">NA</subfield></datafield></record><record><datafield ind1=" " ind2=" " tag="876"><subfield code="p">33433006978344</subfield><subfield code="h">In Library Use</subfield><subfield code="a">.i100093218</subfield><subfield code="j">Available</subfield><subfield code="t">1</subfield><subfield code="3">v. 16 1881</subfield></datafield><datafield ind1=" " ind2=" " tag="900"><subfield code="a">Shared</subfield><subfield code="b">NA</subfield></datafield></record><record><datafield ind1=" " ind2=" " tag="876"><subfield code="p">33433006978351</subfield><subfield code="h">In Library Use</subfield><subfield code="a">.i10009322x</subfield><subfield code="j">Available</subfield><subfield code="t">1</subfield><subfield code="3">v. 18 1882</subfield></datafield><datafield ind1=" " ind2=" " tag="900"><subfield code="a">Shared</subfield><subfield code="b">NA</subfield></datafield></record><record><datafield ind1=" " ind2=" " tag="876"><subfield code="p">33433006978369</subfield><subfield code="h">In Library Use</subfield><subfield code="a">.i100093231</subfield><subfield code="j">Available</subfield><subfield code="t">1</subfield><subfield code="3">v. 17 1881</subfield></datafield><datafield ind1=" " ind2=" " tag="900"><subfield code="a">Shared</subfield><subfield code="b">NA</subfield></datafield></record><record><datafield ind1=" " ind2=" " tag="876"><subfield code="p">33433006978377</subfield><subfield code="h">In Library Use</subfield><subfield code="a">.i100093243</subfield><subfield code="j">Available</subfield><subfield code="t">1</subfield><subfield code="3">v. 19 1883</subfield></datafield><datafield ind1=" " ind2=" " tag="900"><subfield code="a">Shared</subfield><subfield code="b">NA</subfield></datafield></record><record><datafield ind1=" " ind2=" " tag="876"><subfield code="p">33433006978922</subfield><subfield code="h">In Library Use</subfield><subfield code="a">.i100093255</subfield><subfield code="j">Available</subfield><subfield code="t">1</subfield><subfield code="3">v. 20 1883</subfield></datafield><datafield ind1=" " ind2=" " tag="900"><subfield code="a">Shared</subfield><subfield code="b">NA</subfield></datafield></record><record><datafield ind1=" " ind2=" " tag="876"><subfield code="p">33433006978930</subfield><subfield code="h">In Library Use</subfield><subfield code="a">.i100093267</subfield><subfield code="j">Available</subfield><subfield code="t">1</subfield><subfield code="3">v. 21 1884</subfield></datafield><datafield ind1=" " ind2=" " tag="900"><subfield code="a">Shared</subfield><subfield code="b">NA</subfield></datafield></record><record><datafield ind1=" " ind2=" " tag="876"><subfield code="p">33433006978948</subfield><subfield code="h">In Library Use</subfield><subfield code="a">.i100093279</subfield><subfield code="j">Available</subfield><subfield code="t">1</subfield><subfield code="3">v. 22 1884</subfield></datafield><datafield ind1=" " ind2=" " tag="900"><subfield code="a">Shared</subfield><subfield code="b">NA</subfield></datafield></record><record><datafield ind1=" " ind2=" " tag="876"><subfield code="p">33433006978955</subfield><subfield code="h">In Library Use</subfield><subfield code="a">.i100093280</subfield><subfield code="j">Available</subfield><subfield code="t">1</subfield><subfield code="3">v. 23 1885</subfield></datafield><datafield ind1=" " ind2=" " tag="900"><subfield code="a">Shared</subfield><subfield code="b">NA</subfield></datafield></record><record><datafield ind1=" " ind2=" " tag="876"><subfield code="p">33433006978963</subfield><subfield code="h">In Library Use</subfield><subfield code="a">.i100093292</subfield><subfield code="j">Available</subfield><subfield code="t">1</subfield><subfield code="3">v. 24 1885</subfield></datafield><datafield ind1=" " ind2=" " tag="900"><subfield code="a">Shared</subfield><subfield code="b">NA</subfield></datafield></record><record><datafield ind1=" " ind2=" " tag="876"><subfield code="p">33433006978971</subfield><subfield code="h">In Library Use</subfield><subfield code="a">.i100093309</subfield><subfield code="j">Available</subfield><subfield code="t">1</subfield><subfield code="3">v. 25 Jan-June 1886</subfield></datafield><datafield ind1=" " ind2=" " tag="900"><subfield code="a">Shared</subfield><subfield code="b">NA</subfield></datafield></record><record><datafield ind1=" " ind2=" " tag="876"><subfield code="p">33433006978989</subfield><subfield code="h">In Library Use</subfield><subfield code="a">.i100093310</subfield><subfield code="j">Available</subfield><subfield code="t">1</subfield><subfield code="3">v. 26 July-Dec 1886</subfield></datafield><datafield ind1=" " ind2=" " tag="900"><subfield code="a">Shared</subfield><subfield code="b">NA</subfield></datafield></record><record><datafield ind1=" " ind2=" " tag="876"><subfield code="p">33433006978997</subfield><subfield code="h">In Library Use</subfield><subfield code="a">.i100093322</subfield><subfield code="j">Available</subfield><subfield code="t">1</subfield><subfield code="3">v. 27 Jan-June 1887</subfield></datafield><datafield ind1=" " ind2=" " tag="900"><subfield code="a">Shared</subfield><subfield code="b">NA</subfield></datafield></record><record><datafield ind1=" " ind2=" " tag="876"><subfield code="p">33433006979003</subfield><subfield code="h">In Library Use</subfield><subfield code="a">.i100093334</subfield><subfield code="j">Available</subfield><subfield code="t">1</subfield><subfield code="3">v. 28 July-Dec 1887</subfield></datafield><datafield ind1=" " ind2=" " tag="900"><subfield code="a">Shared</subfield><subfield code="b">NA</subfield></datafield></record><record><datafield ind1=" " ind2=" " tag="876"><subfield code="p">33433006979011</subfield><subfield code="h">In Library Use</subfield><subfield code="a">.i100093346</subfield><subfield code="j">Available</subfield><subfield code="t">1</subfield><subfield code="3">v. 29 1888</subfield></datafield><datafield ind1=" " ind2=" " tag="900"><subfield code="a">Shared</subfield><subfield code="b">NA</subfield></datafield></record><record><datafield ind1=" " ind2=" " tag="876"><subfield code="p">33433006979029</subfield><subfield code="h">In Library Use</subfield><subfield code="a">.i100093358</subfield><subfield code="j">Available</subfield><subfield code="t">1</subfield><subfield code="3">v. 30 1888</subfield></datafield><datafield ind1=" " ind2=" " tag="900"><subfield code="a">Shared</subfield><subfield code="b">NA</subfield></datafield></record><record><datafield ind1=" " ind2=" " tag="876"><subfield code="p">33433006979037</subfield><subfield code="h">In Library Use</subfield><subfield code="a">.i10009336x</subfield><subfield code="j">Available</subfield><subfield code="t">1</subfield><subfield code="3">v. 31 1889</subfield></datafield><datafield ind1=" " ind2=" " tag="900"><subfield code="a">Shared</subfield><subfield code="b">NA</subfield></datafield></record><record><datafield ind1=" " ind2=" " tag="876"><subfield code="p">33433006979045</subfield><subfield code="h">In Library Use</subfield><subfield code="a">.i100093371</subfield><subfield code="j">Available</subfield><subfield code="t">1</subfield><subfield code="3">v. 32 1889</subfield></datafield><datafield ind1=" " ind2=" " tag="900"><subfield code="a">Shared</subfield><subfield code="b">NA</subfield></datafield></record><record><datafield ind1=" " ind2=" " tag="876"><subfield code="p">33433006979052</subfield><subfield code="h">In Library Use</subfield><subfield code="a">.i100093383</subfield><subfield code="j">Available</subfield><subfield code="t">1</subfield><subfield code="3">v. 33 1890</subfield></datafield><datafield ind1=" " ind2=" " tag="900"><subfield code="a">Shared</subfield><subfield code="b">NA</subfield></datafield></record><record><datafield ind1=" " ind2=" " tag="876"><subfield code="p">33433006979060</subfield><subfield code="h">In Library Use</subfield><subfield code="a">.i100093395</subfield><subfield code="j">Available</subfield><subfield code="t">1</subfield><subfield code="3">v. 34 1890</subfield></datafield><datafield ind1=" " ind2=" " tag="900"><subfield code="a">Shared</subfield><subfield code="b">NA</subfield></datafield></record><record><datafield ind1=" " ind2=" " tag="876"><subfield code="p">33433006979078</subfield><subfield code="h">In Library Use</subfield><subfield code="a">.i100093401</subfield><subfield code="j">Available</subfield><subfield code="t">1</subfield><subfield code="3">v. 35 1891</subfield></datafield><datafield ind1=" " ind2=" " tag="900"><subfield code="a">Shared</subfield><subfield code="b">NA</subfield></datafield></record><record><datafield ind1=" " ind2=" " tag="876"><subfield code="p">33433006979086</subfield><subfield code="h">In Library Use</subfield><subfield code="a">.i100093413</subfield><subfield code="j">Available</subfield><subfield code="t">1</subfield><subfield code="3">v. 45-47 1896-7</subfield></datafield><datafield ind1=" " ind2=" " tag="900"><subfield code="a">Shared</subfield><subfield code="b">NA</subfield></datafield></record><record><datafield ind1=" " ind2=" " tag="876"><subfield code="p">33433006979094</subfield><subfield code="h">In Library Use</subfield><subfield code="a">.i100093425</subfield><subfield code="j">Available</subfield><subfield code="t">1</subfield><subfield code="3">v. 50 1898</subfield></datafield><datafield ind1=" " ind2=" " tag="900"><subfield code="a">Shared</subfield><subfield code="b">NA</subfield></datafield></record><record><datafield ind1=" " ind2=" " tag="876"><subfield code="p">33433006979102</subfield><subfield code="h">In Library Use</subfield><subfield code="a">.i100093437</subfield><subfield code="j">Available</subfield><subfield code="t">1</subfield><subfield code="3">v. 51 1899</subfield></datafield><datafield ind1=" " ind2=" " tag="900"><subfield code="a">Shared</subfield><subfield code="b">NA</subfield></datafield></record><record><datafield ind1=" " ind2=" " tag="876"><subfield code="p">33433006979110</subfield><subfield code="h">In Library Use</subfield><subfield code="a">.i100093449</subfield><subfield code="j">Available</subfield><subfield code="t">1</subfield><subfield code="3">v. 53 1900</subfield></datafield><datafield ind1=" " ind2=" " tag="900"><subfield code="a">Shared</subfield><subfield code="b">NA</subfield></datafield></record><record><datafield ind1=" " ind2=" " tag="876"><subfield code="p">33433006979128</subfield><subfield code="h">In Library Use</subfield><subfield code="a">.i100093450</subfield><subfield code="j">Available</subfield><subfield code="t">1</subfield><subfield code="3">v. 55-6 1901 inc.</subfield></datafield><datafield ind1=" " ind2=" " tag="900"><subfield code="a">Shared</subfield><subfield code="b">NA</subfield></datafield></record><record><datafield ind1=" " ind2=" " tag="876"><subfield code="p">33433006979136</subfield><subfield code="h">In Library Use</subfield><subfield code="a">.i100093462</subfield><subfield code="j">Available</subfield><subfield code="t">1</subfield><subfield code="3">v. 54 1900 inc.</subfield></datafield><datafield ind1=" " ind2=" " tag="900"><subfield code="a">Shared</subfield><subfield code="b">NA</subfield></datafield></record><record><datafield ind1=" " ind2=" " tag="876"><subfield code="p">33433006979144</subfield><subfield code="h">In Library Use</subfield><subfield code="a">.i100093474</subfield><subfield code="j">Available</subfield><subfield code="t">1</subfield><subfield code="3">1906</subfield></datafield><datafield ind1=" " ind2=" " tag="900"><subfield code="a">Shared</subfield><subfield code="b">NA</subfield></datafield></record><record><datafield ind1=" " ind2=" " tag="876"><subfield code="p">33433006979151</subfield><subfield code="h">In Library Use</subfield><subfield code="a">.i100093486</subfield><subfield code="j">Available</subfield><subfield code="t">1</subfield><subfield code="3">v. 62 1904</subfield></datafield><datafield ind1=" " ind2=" " tag="900"><subfield code="a">Shared</subfield><subfield code="b">NA</subfield></datafield></record><record><datafield ind1=" " ind2=" " tag="876"><subfield code="p">33433006979169</subfield><subfield code="h">In Library Use</subfield><subfield code="a">.i100093498</subfield><subfield code="j">Available</subfield><subfield code="t">1</subfield><subfield code="3">v. 63 1905</subfield></datafield><datafield ind1=" " ind2=" " tag="900"><subfield code="a">Shared</subfield><subfield code="b">NA</subfield></datafield></record><record><datafield ind1=" " ind2=" " tag="876"><subfield code="p">33433006979177</subfield><subfield code="h">In Library Use</subfield><subfield code="a">.i100093504</subfield><subfield code="j">Available</subfield><subfield code="t">1</subfield><subfield code="3">v. 64 1905</subfield></datafield><datafield ind1=" " ind2=" " tag="900"><subfield code="a">Shared</subfield><subfield code="b">NA</subfield></datafield></record><record><datafield ind1=" " ind2=" " tag="876"><subfield code="p">33433006979185</subfield><subfield code="h">In Library Use</subfield><subfield code="a">.i100093516</subfield><subfield code="j">Available</subfield><subfield code="t">1</subfield><subfield code="3">v. 36 1891</subfield></datafield><datafield ind1=" " ind2=" " tag="900"><subfield code="a">Shared</subfield><subfield code="b">NA</subfield></datafield></record><record><datafield ind1=" " ind2=" " tag="876"><subfield code="p">33433006979193</subfield><subfield code="h">In Library Use</subfield><subfield code="a">.i100093528</subfield><subfield code="j">Available</subfield><subfield code="t">1</subfield><subfield code="3">v. 65 1906</subfield></datafield><datafield ind1=" " ind2=" " tag="900"><subfield code="a">Shared</subfield><subfield code="b">NA</subfield></datafield></record><record><datafield ind1=" " ind2=" " tag="876"><subfield code="p">33433006979201</subfield><subfield code="h">In Library Use</subfield><subfield code="a">.i10009353x</subfield><subfield code="j">Available</subfield><subfield code="t">1</subfield><subfield code="3">v. 105 1926</subfield></datafield><datafield ind1=" " ind2=" " tag="900"><subfield code="a">Shared</subfield><subfield code="b">NA</subfield></datafield></record><record><datafield ind1=" " ind2=" " tag="876"><subfield code="p">33433006979219</subfield><subfield code="h">In Library Use</subfield><subfield code="a">.i100093541</subfield><subfield code="j">Available</subfield><subfield code="t">1</subfield><subfield code="3">v. 107 Jan-June 1927</subfield></datafield><datafield ind1=" " ind2=" " tag="900"><subfield code="a">Shared</subfield><subfield code="b">NA</subfield></datafield></record><record><datafield ind1=" " ind2=" " tag="876"><subfield code="p">33433006979227</subfield><subfield code="h">In Library Use</subfield><subfield code="a">.i100093553</subfield><subfield code="j">Available</subfield><subfield code="t">1</subfield><subfield code="3">v. 108 July-Dec 1927</subfield></datafield><datafield ind1=" " ind2=" " tag="900"><subfield code="a">Shared</subfield><subfield code="b">NA</subfield></datafield></record><record><datafield ind1=" " ind2=" " tag="876"><subfield code="p">33433006979235</subfield><subfield code="h">In Library Use</subfield><subfield code="a">.i100093565</subfield><subfield code="j">Available</subfield><subfield code="t">1</subfield><subfield code="3">v. 109 Jan-June 1928</subfield></datafield><datafield ind1=" " ind2=" " tag="900"><subfield code="a">Shared</subfield><subfield code="b">NA</subfield></datafield></record><record><datafield ind1=" " ind2=" " tag="876"><subfield code="p">33433006979243</subfield><subfield code="h">In Library Use</subfield><subfield code="a">.i100093577</subfield><subfield code="j">Available</subfield><subfield code="t">1</subfield><subfield code="3">v. 110 July-Dec 1928</subfield></datafield><datafield ind1=" " ind2=" " tag="900"><subfield code="a">Shared</subfield><subfield code="b">NA</subfield></datafield></record><record><datafield ind1=" " ind2=" " tag="876"><subfield code="p">33433006979250</subfield><subfield code="h">In Library Use</subfield><subfield code="a">.i100093589</subfield><subfield code="j">Available</subfield><subfield code="t">1</subfield><subfield code="3">v. 111 Jan-June 1929</subfield></datafield><datafield ind1=" " ind2=" " tag="900"><subfield code="a">Shared</subfield><subfield code="b">NA</subfield></datafield></record><record><datafield ind1=" " ind2=" " tag="876"><subfield code="p">33433006979268</subfield><subfield code="h">In Library Use</subfield><subfield code="a">.i100093590</subfield><subfield code="j">Available</subfield><subfield code="t">1</subfield><subfield code="3">v. 112 July-Dec 1929</subfield></datafield><datafield ind1=" " ind2=" " tag="900"><subfield code="a">Shared</subfield><subfield code="b">NA</subfield></datafield></record><record><datafield ind1=" " ind2=" " tag="876"><subfield code="p">33433006979276</subfield><subfield code="h">In Library Use</subfield><subfield code="a">.i100093607</subfield><subfield code="j">Available</subfield><subfield code="t">1</subfield><subfield code="3">v. 113 Jan-June 1930</subfield></datafield><datafield ind1=" " ind2=" " tag="900"><subfield code="a">Shared</subfield><subfield code="b">NA</subfield></datafield></record><record><datafield ind1=" " ind2=" " tag="876"><subfield code="p">33433006979284</subfield><subfield code="h">In Library Use</subfield><subfield code="a">.i100093619</subfield><subfield code="j">Available</subfield><subfield code="t">1</subfield><subfield code="3">v. 114 July-Dec 1930</subfield></datafield><datafield ind1=" " ind2=" " tag="900"><subfield code="a">Shared</subfield><subfield code="b">NA</subfield></datafield></record><record><datafield ind1=" " ind2=" " tag="876"><subfield code="p">33433006979292</subfield><subfield code="h">In Library Use</subfield><subfield code="a">.i100093620</subfield><subfield code="j">Available</subfield><subfield code="t">1</subfield><subfield code="3">v. 115 Jan-June 1931</subfield></datafield><datafield ind1=" " ind2=" " tag="900"><subfield code="a">Shared</subfield><subfield code="b">NA</subfield></datafield></record><record><datafield ind1=" " ind2=" " tag="876"><subfield code="p">33433006979300</subfield><subfield code="h">In Library Use</subfield><subfield code="a">.i100093632</subfield><subfield code="j">Available</subfield><subfield code="t">1</subfield><subfield code="3">v. 116 July-Dec 1931</subfield></datafield><datafield ind1=" " ind2=" " tag="900"><subfield code="a">Shared</subfield><subfield code="b">NA</subfield></datafield></record><record><datafield ind1=" " ind2=" " tag="876"><subfield code="p">33433006979318</subfield><subfield code="h">In Library Use</subfield><subfield code="a">.i100093644</subfield><subfield code="j">Available</subfield><subfield code="t">1</subfield><subfield code="3">v. 117 Jan-June 1932</subfield></datafield><datafield ind1=" " ind2=" " tag="900"><subfield code="a">Shared</subfield><subfield code="b">NA</subfield></datafield></record><record><datafield ind1=" " ind2=" " tag="876"><subfield code="p">33433006979326</subfield><subfield code="h">In Library Use</subfield><subfield code="a">.i100093656</subfield><subfield code="j">Available</subfield><subfield code="t">1</subfield><subfield code="3">v. 118 July-Dec 1932</subfield></datafield><datafield ind1=" " ind2=" " tag="900"><subfield code="a">Shared</subfield><subfield code="b">NA</subfield></datafield></record><record><datafield ind1=" " ind2=" " tag="876"><subfield code="p">33433006979334</subfield><subfield code="h">In Library Use</subfield><subfield code="a">.i100093668</subfield><subfield code="j">Available</subfield><subfield code="t">1</subfield><subfield code="3">v. 119 Jan-June 1933</subfield></datafield><datafield ind1=" " ind2=" " tag="900"><subfield code="a">Shared</subfield><subfield code="b">NA</subfield></datafield></record><record><datafield ind1=" " ind2=" " tag="876"><subfield code="p">33433006979342</subfield><subfield code="h">In Library Use</subfield><subfield code="a">.i10009367x</subfield><subfield code="j">Available</subfield><subfield code="t">1</subfield><subfield code="3">v. 120 July-Dec 1933</subfield></datafield><datafield ind1=" " ind2=" " tag="900"><subfield code="a">Shared</subfield><subfield code="b">NA</subfield></datafield></record><record><datafield ind1=" " ind2=" " tag="876"><subfield code="p">33433006979359</subfield><subfield code="h">In Library Use</subfield><subfield code="a">.i100093681</subfield><subfield code="j">Available</subfield><subfield code="t">1</subfield><subfield code="3">v. 121 Jan-June 1934</subfield></datafield><datafield ind1=" " ind2=" " tag="900"><subfield code="a">Shared</subfield><subfield code="b">NA</subfield></datafield></record><record><datafield ind1=" " ind2=" " tag="876"><subfield code="p">33433006979367</subfield><subfield code="h">In Library Use</subfield><subfield code="a">.i100093693</subfield><subfield code="j">Available</subfield><subfield code="t">1</subfield><subfield code="3">v. 122 July-Dec 1934</subfield></datafield><datafield ind1=" " ind2=" " tag="900"><subfield code="a">Shared</subfield><subfield code="b">NA</subfield></datafield></record><record><datafield ind1=" " ind2=" " tag="876"><subfield code="p">33433006979375</subfield><subfield code="h">In Library Use</subfield><subfield code="a">.i10009370x</subfield><subfield code="j">Available</subfield><subfield code="t">1</subfield><subfield code="3">v. 123 Jan-June 1935</subfield></datafield><datafield ind1=" " ind2=" " tag="900"><subfield code="a">Shared</subfield><subfield code="b">NA</subfield></datafield></record><record><datafield ind1=" " ind2=" " tag="876"><subfield code="p">33433006979383</subfield><subfield code="h">In Library Use</subfield><subfield code="a">.i100093711</subfield><subfield code="j">Available</subfield><subfield code="t">1</subfield><subfield code="3">v. 124 July-Dec 1935</subfield></datafield><datafield ind1=" " ind2=" " tag="900"><subfield code="a">Shared</subfield><subfield code="b">NA</subfield></datafield></record><record><datafield ind1=" " ind2=" " tag="876"><subfield code="p">33433006979391</subfield><subfield code="h">In Library Use</subfield><subfield code="a">.i100093723</subfield><subfield code="j">Available</subfield><subfield code="t">1</subfield><subfield code="3">v. 125 Jan-June 1936</subfield></datafield><datafield ind1=" " ind2=" " tag="900"><subfield code="a">Shared</subfield><subfield code="b">NA</subfield></datafield></record><record><datafield ind1=" " ind2=" " tag="876"><subfield code="p">33433006979409</subfield><subfield code="h">In Library Use</subfield><subfield code="a">.i100093735</subfield><subfield code="j">Available</subfield><subfield code="t">1</subfield><subfield code="3">v. 126 July-Dec 1936</subfield></datafield><datafield ind1=" " ind2=" " tag="900"><subfield code="a">Shared</subfield><subfield code="b">NA</subfield></datafield></record><record><datafield ind1=" " ind2=" " tag="876"><subfield code="p">33433006979417</subfield><subfield code="h">In Library Use</subfield><subfield code="a">.i100093747</subfield><subfield code="j">Available</subfield><subfield code="t">1</subfield><subfield code="3">v. 127 Jan-June 1938</subfield></datafield><datafield ind1=" " ind2=" " tag="900"><subfield code="a">Shared</subfield><subfield code="b">NA</subfield></datafield></record><record><datafield ind1=" " ind2=" " tag="876"><subfield code="p">33433006979425</subfield><subfield code="h">In Library Use</subfield><subfield code="a">.i100093759</subfield><subfield code="j">Available</subfield><subfield code="t">1</subfield><subfield code="3">v. 128 July-Dec 1937</subfield></datafield><datafield ind1=" " ind2=" " tag="900"><subfield code="a">Shared</subfield><subfield code="b">NA</subfield></datafield></record><record><datafield ind1=" " ind2=" " tag="876"><subfield code="p">33433006979433</subfield><subfield code="h">In Library Use</subfield><subfield code="a">.i100093760</subfield><subfield code="j">Available</subfield><subfield code="t">1</subfield><subfield code="3">v. 129 Jan-June 1938</subfield></datafield><datafield ind1=" " ind2=" " tag="900"><subfield code="a">Shared</subfield><subfield code="b">NA</subfield></datafield></record><record><datafield ind1=" " ind2=" " tag="876"><subfield code="p">33433006979441</subfield><subfield code="h">In Library Use</subfield><subfield code="a">.i100093772</subfield><subfield code="j">Available</subfield><subfield code="t">1</subfield><subfield code="3">v. 130 July-Dec 1938</subfield></datafield><datafield ind1=" " ind2=" " tag="900"><subfield code="a">Shared</subfield><subfield code="b">NA</subfield></datafield></record><record><datafield ind1=" " ind2=" " tag="876"><subfield code="p">33433006979458</subfield><subfield code="h">In Library Use</subfield><subfield code="a">.i100093784</subfield><subfield code="j">Available</subfield><subfield code="t">1</subfield><subfield code="3">v. 131 Jan-June 1939</subfield></datafield><datafield ind1=" " ind2=" " tag="900"><subfield code="a">Shared</subfield><subfield code="b">NA</subfield></datafield></record><record><datafield ind1=" " ind2=" " tag="876"><subfield code="p">33433006979466</subfield><subfield code="h">In Library Use</subfield><subfield code="a">.i100093796</subfield><subfield code="j">Available</subfield><subfield code="t">1</subfield><subfield code="3">v. 132 July-Dec 1939</subfield></datafield><datafield ind1=" " ind2=" " tag="900"><subfield code="a">Shared</subfield><subfield code="b">NA</subfield></datafield></record><record><datafield ind1=" " ind2=" " tag="876"><subfield code="p">33433006979474</subfield><subfield code="h">In Library Use</subfield><subfield code="a">.i100093802</subfield><subfield code="j">Available</subfield><subfield code="t">1</subfield><subfield code="3">v. 133 Jan-June 1940</subfield></datafield><datafield ind1=" " ind2=" " tag="900"><subfield code="a">Shared</subfield><subfield code="b">NA</subfield></datafield></record><record><datafield ind1=" " ind2=" " tag="876"><subfield code="p">33433006979482</subfield><subfield code="h">In Library Use</subfield><subfield code="a">.i100093814</subfield><subfield code="j">Available</subfield><subfield code="t">1</subfield><subfield code="3">v. 134 July-Dec 1940</subfield></datafield><datafield ind1=" " ind2=" " tag="900"><subfield code="a">Shared</subfield><subfield code="b">NA</subfield></datafield></record><record><datafield ind1=" " ind2=" " tag="876"><subfield code="p">33433006979490</subfield><subfield code="h">In Library Use</subfield><subfield code="a">.i100093826</subfield><subfield code="j">Available</subfield><subfield code="t">1</subfield><subfield code="3">v. 135 Jan-June 1941</subfield></datafield><datafield ind1=" " ind2=" " tag="900"><subfield code="a">Shared</subfield><subfield code="b">NA</subfield></datafield></record><record><datafield ind1=" " ind2=" " tag="876"><subfield code="p">33433006979508</subfield><subfield code="h">In Library Use</subfield><subfield code="a">.i100093838</subfield><subfield code="j">Available</subfield><subfield code="t">1</subfield><subfield code="3">v. 136 July-Dec 1941</subfield></datafield><datafield ind1=" " ind2=" " tag="900"><subfield code="a">Shared</subfield><subfield code="b">NA</subfield></datafield></record><record><datafield ind1=" " ind2=" " tag="876"><subfield code="p">33433006979516</subfield><subfield code="h">In Library Use</subfield><subfield code="a">.i10009384x</subfield><subfield code="j">Available</subfield><subfield code="t">1</subfield><subfield code="3">v. 137 Jan-June 1942</subfield></datafield><datafield ind1=" " ind2=" " tag="900"><subfield code="a">Shared</subfield><subfield code="b">NA</subfield></datafield></record><record><datafield ind1=" " ind2=" " tag="876"><subfield code="p">33433006979524</subfield><subfield code="h">In Library Use</subfield><subfield code="a">.i100093851</subfield><subfield code="j">Available</subfield><subfield code="t">1</subfield><subfield code="3">v. 138 July-Dec 1942</subfield></datafield><datafield ind1=" " ind2=" " tag="900"><subfield code="a">Shared</subfield><subfield code="b">NA</subfield></datafield></record><record><datafield ind1=" " ind2=" " tag="876"><subfield code="p">33433006979532</subfield><subfield code="h">In Library Use</subfield><subfield code="a">.i100093863</subfield><subfield code="j">Available</subfield><subfield code="t">1</subfield><subfield code="3">v. 139 Jan-June 1943</subfield></datafield><datafield ind1=" " ind2=" " tag="900"><subfield code="a">Shared</subfield><subfield code="b">NA</subfield></datafield></record><record><datafield ind1=" " ind2=" " tag="876"><subfield code="p">33433006979540</subfield><subfield code="h">In Library Use</subfield><subfield code="a">.i100093875</subfield><subfield code="j">Available</subfield><subfield code="t">1</subfield><subfield code="3">v. 140 July-Dec 1943</subfield></datafield><datafield ind1=" " ind2=" " tag="900"><subfield code="a">Shared</subfield><subfield code="b">NA</subfield></datafield></record><record><datafield ind1=" " ind2=" " tag="876"><subfield code="p">33433006979557</subfield><subfield code="h">In Library Use</subfield><subfield code="a">.i100093887</subfield><subfield code="j">Available</subfield><subfield code="t">1</subfield><subfield code="3">v. 141 Jan-June 1944</subfield></datafield><datafield ind1=" " ind2=" " tag="900"><subfield code="a">Shared</subfield><subfield code="b">NA</subfield></datafield></record><record><datafield ind1=" " ind2=" " tag="876"><subfield code="p">33433006979565</subfield><subfield code="h">In Library Use</subfield><subfield code="a">.i100093899</subfield><subfield code="j">Available</subfield><subfield code="t">1</subfield><subfield code="3">v. 142 July-Dec 1944</subfield></datafield><datafield ind1=" " ind2=" " tag="900"><subfield code="a">Shared</subfield><subfield code="b">NA</subfield></datafield></record><record><datafield ind1=" " ind2=" " tag="876"><subfield code="p">33433006979573</subfield><subfield code="h">In Library Use</subfield><subfield code="a">.i100093905</subfield><subfield code="j">Available</subfield><subfield code="t">1</subfield><subfield code="3">v. 143 Jan-June 1945</subfield></datafield><datafield ind1=" " ind2=" " tag="900"><subfield code="a">Shared</subfield><subfield code="b">NA</subfield></datafield></record><record><datafield ind1=" " ind2=" " tag="876"><subfield code="p">33433006979581</subfield><subfield code="h">In Library Use</subfield><subfield code="a">.i100093917</subfield><subfield code="j">Available</subfield><subfield code="t">1</subfield><subfield code="3">v. 144 July-Dec 1945</subfield></datafield><datafield ind1=" " ind2=" " tag="900"><subfield code="a">Shared</subfield><subfield code="b">NA</subfield></datafield></record><record><datafield ind1=" " ind2=" " tag="876"><subfield code="p">33433006979599</subfield><subfield code="h">In Library Use</subfield><subfield code="a">.i100093929</subfield><subfield code="j">Available</subfield><subfield code="t">1</subfield><subfield code="3">v. 145 Jan-June 1946</subfield></datafield><datafield ind1=" " ind2=" " tag="900"><subfield code="a">Shared</subfield><subfield code="b">NA</subfield></datafield></record><record><datafield ind1=" " ind2=" " tag="876"><subfield code="p">33433006979607</subfield><subfield code="h">In Library Use</subfield><subfield code="a">.i100093930</subfield><subfield code="j">Available</subfield><subfield code="t">1</subfield><subfield code="3">v. 146 July-Dec 1946</subfield></datafield><datafield ind1=" " ind2=" " tag="900"><subfield code="a">Shared</subfield><subfield code="b">NA</subfield></datafield></record><record><datafield ind1=" " ind2=" " tag="876"><subfield code="p">33433006979615</subfield><subfield code="h">In Library Use</subfield><subfield code="a">.i100093942</subfield><subfield code="j">Available</subfield><subfield code="t">1</subfield><subfield code="3">v. 147 Jan-June 1947</subfield></datafield><datafield ind1=" " ind2=" " tag="900"><subfield code="a">Shared</subfield><subfield code="b">NA</subfield></datafield></record><record><datafield ind1=" " ind2=" " tag="876"><subfield code="p">33433006979623</subfield><subfield code="h">In Library Use</subfield><subfield code="a">.i100093954</subfield><subfield code="j">Available</subfield><subfield code="t">1</subfield><subfield code="3">v. 148 July-Dec 1947</subfield></datafield><datafield ind1=" " ind2=" " tag="900"><subfield code="a">Shared</subfield><subfield code="b">NA</subfield></datafield></record><record><datafield ind1=" " ind2=" " tag="876"><subfield code="p">33433006979631</subfield><subfield code="h">In Library Use</subfield><subfield code="a">.i100093966</subfield><subfield code="j">Available</subfield><subfield code="t">1</subfield><subfield code="3">v. 149 Jan-June 1948</subfield></datafield><datafield ind1=" " ind2=" " tag="900"><subfield code="a">Shared</subfield><subfield code="b">NA</subfield></datafield></record><record><datafield ind1=" " ind2=" " tag="876"><subfield code="p">33433006979649</subfield><subfield code="h">In Library Use</subfield><subfield code="a">.i100093978</subfield><subfield code="j">Available</subfield><subfield code="t">1</subfield><subfield code="3">v. 150 July-Dec 1948</subfield></datafield><datafield ind1=" " ind2=" " tag="900"><subfield code="a">Shared</subfield><subfield code="b">NA</subfield></datafield></record><record><datafield ind1=" " ind2=" " tag="876"><subfield code="p">33433006979656</subfield><subfield code="h">In Library Use</subfield><subfield code="a">.i10009398x</subfield><subfield code="j">Available</subfield><subfield code="t">1</subfield><subfield code="3">v. 151 Jan-June 1949</subfield></datafield><datafield ind1=" " ind2=" " tag="900"><subfield code="a">Shared</subfield><subfield code="b">NA</subfield></datafield></record><record><datafield ind1=" " ind2=" " tag="876"><subfield code="p">33433006979664</subfield><subfield code="h">In Library Use</subfield><subfield code="a">.i100093991</subfield><subfield code="j">Available</subfield><subfield code="t">1</subfield><subfield code="3">v. 152 July-Dec 1949</subfield></datafield><datafield ind1=" " ind2=" " tag="900"><subfield code="a">Shared</subfield><subfield code="b">NA</subfield></datafield></record><record><datafield ind1=" " ind2=" " tag="876"><subfield code="p">33433006979672</subfield><subfield code="h">In Library Use</subfield><subfield code="a">.i100094004</subfield><subfield code="j">Available</subfield><subfield code="t">1</subfield><subfield code="3">v. 153 Jan-June 1950</subfield></datafield><datafield ind1=" " ind2=" " tag="900"><subfield code="a">Shared</subfield><subfield code="b">NA</subfield></datafield></record><record><datafield ind1=" " ind2=" " tag="876"><subfield code="p">33433006979680</subfield><subfield code="h">In Library Use</subfield><subfield code="a">.i100094016</subfield><subfield code="j">Available</subfield><subfield code="t">1</subfield><subfield code="3">v. 154 July-Dec 1950</subfield></datafield><datafield ind1=" " ind2=" " tag="900"><subfield code="a">Shared</subfield><subfield code="b">NA</subfield></datafield></record><record><datafield ind1=" " ind2=" " tag="876"><subfield code="p">33433006979698</subfield><subfield code="h">In Library Use</subfield><subfield code="a">.i100094028</subfield><subfield code="j">Available</subfield><subfield code="t">1</subfield><subfield code="3">v. 155 Jan-June 1951</subfield></datafield><datafield ind1=" " ind2=" " tag="900"><subfield code="a">Shared</subfield><subfield code="b">NA</subfield></datafield></record><record><datafield ind1=" " ind2=" " tag="876"><subfield code="p">33433006979706</subfield><subfield code="h">In Library Use</subfield><subfield code="a">.i10009403x</subfield><subfield code="j">Available</subfield><subfield code="t">1</subfield><subfield code="3">v. 156 July-Dec 1951</subfield></datafield><datafield ind1=" " ind2=" " tag="900"><subfield code="a">Shared</subfield><subfield code="b">NA</subfield></datafield></record><record><datafield ind1=" " ind2=" " tag="876"><subfield code="p">33433006979714</subfield><subfield code="h">In Library Use</subfield><subfield code="a">.i100094041</subfield><subfield code="j">Available</subfield><subfield code="t">1</subfield><subfield code="3">v. 157 Jan-June 1952</subfield></datafield><datafield ind1=" " ind2=" " tag="900"><subfield code="a">Shared</subfield><subfield code="b">NA</subfield></datafield></record><record><datafield ind1=" " ind2=" " tag="876"><subfield code="p">33433006979722</subfield><subfield code="h">In Library Use</subfield><subfield code="a">.i100094053</subfield><subfield code="j">Available</subfield><subfield code="t">1</subfield><subfield code="3">v. 158 July-Dec 1952</subfield></datafield><datafield ind1=" " ind2=" " tag="900"><subfield code="a">Shared</subfield><subfield code="b">NA</subfield></datafield></record><record><datafield ind1=" " ind2=" " tag="876"><subfield code="p">33433006979730</subfield><subfield code="h">In Library Use</subfield><subfield code="a">.i100094065</subfield><subfield code="j">Available</subfield><subfield code="t">1</subfield><subfield code="3">v. 159 Jan-June 1953</subfield></datafield><datafield ind1=" " ind2=" " tag="900"><subfield code="a">Shared</subfield><subfield code="b">NA</subfield></datafield></record><record><datafield ind1=" " ind2=" " tag="876"><subfield code="p">33433006979748</subfield><subfield code="h">In Library Use</subfield><subfield code="a">.i100094077</subfield><subfield code="j">Available</subfield><subfield code="t">1</subfield><subfield code="3">v. 160 July-Dec 1953</subfield></datafield><datafield ind1=" " ind2=" " tag="900"><subfield code="a">Shared</subfield><subfield code="b">NA</subfield></datafield></record><record><datafield ind1=" " ind2=" " tag="876"><subfield code="p">33433006979755</subfield><subfield code="h">In Library Use</subfield><subfield code="a">.i100094089</subfield><subfield code="j">Available</subfield><subfield code="t">1</subfield><subfield code="3">v. 161 Jan-June 1954</subfield></datafield><datafield ind1=" " ind2=" " tag="900"><subfield code="a">Shared</subfield><subfield code="b">NA</subfield></datafield></record><record><datafield ind1=" " ind2=" " tag="876"><subfield code="p">33433006979763</subfield><subfield code="h">In Library Use</subfield><subfield code="a">.i100094090</subfield><subfield code="j">Available</subfield><subfield code="t">1</subfield><subfield code="3">v. 162 July-Dec 1954</subfield></datafield><datafield ind1=" " ind2=" " tag="900"><subfield code="a">Shared</subfield><subfield code="b">NA</subfield></datafield></record><record><datafield ind1=" " ind2=" " tag="876"><subfield code="p">33433006979771</subfield><subfield code="h">In Library Use</subfield><subfield code="a">.i100094107</subfield><subfield code="j">Available</subfield><subfield code="t">1</subfield><subfield code="3">v. 163 Jan-June 1955</subfield></datafield><datafield ind1=" " ind2=" " tag="900"><subfield code="a">Shared</subfield><subfield code="b">NA</subfield></datafield></record><record><datafield ind1=" " ind2=" " tag="876"><subfield code="p">33433006979789</subfield><subfield code="h">In Library Use</subfield><subfield code="a">.i100094119</subfield><subfield code="j">Available</subfield><subfield code="t">1</subfield><subfield code="3">v. 164 July-Dec 1955</subfield></datafield><datafield ind1=" " ind2=" " tag="900"><subfield code="a">Shared</subfield><subfield code="b">NA</subfield></datafield></record><record><datafield ind1=" " ind2=" " tag="876"><subfield code="p">33433006979797</subfield><subfield code="h">In Library Use</subfield><subfield code="a">.i100094120</subfield><subfield code="j">Available</subfield><subfield code="t">1</subfield><subfield code="3">v. 165 Jan-June 1956</subfield></datafield><datafield ind1=" " ind2=" " tag="900"><subfield code="a">Shared</subfield><subfield code="b">NA</subfield></datafield></record><record><datafield ind1=" " ind2=" " tag="876"><subfield code="p">33433006979805</subfield><subfield code="h">In Library Use</subfield><subfield code="a">.i100094132</subfield><subfield code="j">Available</subfield><subfield code="t">1</subfield><subfield code="3">v. 166 July-Dec 1956</subfield></datafield><datafield ind1=" " ind2=" " tag="900"><subfield code="a">Shared</subfield><subfield code="b">NA</subfield></datafield></record><record><datafield ind1=" " ind2=" " tag="876"><subfield code="p">33433006979813</subfield><subfield code="h">In Library Use</subfield><subfield code="a">.i100094144</subfield><subfield code="j">Available</subfield><subfield code="t">1</subfield><subfield code="3">v. 167 Jan-June 1957</subfield></datafield><datafield ind1=" " ind2=" " tag="900"><subfield code="a">Shared</subfield><subfield code="b">NA</subfield></datafield></record><record><datafield ind1=" " ind2=" " tag="876"><subfield code="p">33433006979821</subfield><subfield code="h">In Library Use</subfield><subfield code="a">.i100094156</subfield><subfield code="j">Available</subfield><subfield code="t">1</subfield><subfield code="3">v. 168 July-Dec 1957</subfield></datafield><datafield ind1=" " ind2=" " tag="900"><subfield code="a">Shared</subfield><subfield code="b">NA</subfield></datafield></record><record><datafield ind1=" " ind2=" " tag="876"><subfield code="p">33433006979839</subfield><subfield code="h">In Library Use</subfield><subfield code="a">.i100094168</subfield><subfield code="j">Available</subfield><subfield code="t">1</subfield><subfield code="3">v. 169 Jan-June 1958</subfield></datafield><datafield ind1=" " ind2=" " tag="900"><subfield code="a">Shared</subfield><subfield code="b">NA</subfield></datafield></record><record><datafield ind1=" " ind2=" " tag="876"><subfield code="p">33433006979847</subfield><subfield code="h">In Library Use</subfield><subfield code="a">.i10009417x</subfield><subfield code="j">Available</subfield><subfield code="t">1</subfield><subfield code="3">v. 170 July-Dec 1958</subfield></datafield><datafield ind1=" " ind2=" " tag="900"><subfield code="a">Shared</subfield><subfield code="b">NA</subfield></datafield></record><record><datafield ind1=" " ind2=" " tag="876"><subfield code="p">33433006979854</subfield><subfield code="h">In Library Use</subfield><subfield code="a">.i100094181</subfield><subfield code="j">Available</subfield><subfield code="t">1</subfield><subfield code="3">v. 171 Jan-June 1959</subfield></datafield><datafield ind1=" " ind2=" " tag="900"><subfield code="a">Shared</subfield><subfield code="b">NA</subfield></datafield></record><record><datafield ind1=" " ind2=" " tag="876"><subfield code="p">33433006979862</subfield><subfield code="h">In Library Use</subfield><subfield code="a">.i100094193</subfield><subfield code="j">Available</subfield><subfield code="t">1</subfield><subfield code="3">v. 172 July-Dec 1959</subfield></datafield><datafield ind1=" " ind2=" " tag="900"><subfield code="a">Shared</subfield><subfield code="b">NA</subfield></datafield></record><record><datafield ind1=" " ind2=" " tag="876"><subfield code="p">33433006979870</subfield><subfield code="h">In Library Use</subfield><subfield code="a">.i10009420x</subfield><subfield code="j">Available</subfield><subfield code="t">1</subfield><subfield code="3">v. 173 Jan-June 1960</subfield></datafield><datafield ind1=" " ind2=" " tag="900"><subfield code="a">Shared</subfield><subfield code="b">NA</subfield></datafield></record><record><datafield ind1=" " ind2=" " tag="876"><subfield code="p">33433006979888</subfield><subfield code="h">In Library Use</subfield><subfield code="a">.i100094211</subfield><subfield code="j">Available</subfield><subfield code="t">1</subfield><subfield code="3">v. 174 July-Dec 1960</subfield></datafield><datafield ind1=" " ind2=" " tag="900"><subfield code="a">Shared</subfield><subfield code="b">NA</subfield></datafield></record><record><datafield ind1=" " ind2=" " tag="876"><subfield code="p">33433006979896</subfield><subfield code="h">In Library Use</subfield><subfield code="a">.i100094223</subfield><subfield code="j">Available</subfield><subfield code="t">1</subfield><subfield code="3">v. 175 Jan-June 1961</subfield></datafield><datafield ind1=" " ind2=" " tag="900"><subfield code="a">Shared</subfield><subfield code="b">NA</subfield></datafield></record><record><datafield ind1=" " ind2=" " tag="876"><subfield code="p">33433006979904</subfield><subfield code="h">In Library Use</subfield><subfield code="a">.i100094235</subfield><subfield code="j">Available</subfield><subfield code="t">1</subfield><subfield code="3">v. 176 July-Dec 1961</subfield></datafield><datafield ind1=" " ind2=" " tag="900"><subfield code="a">Shared</subfield><subfield code="b">NA</subfield></datafield></record><record><datafield ind1=" " ind2=" " tag="876"><subfield code="p">33433006979912</subfield><subfield code="h">In Library Use</subfield><subfield code="a">.i100094247</subfield><subfield code="j">Available</subfield><subfield code="t">1</subfield><subfield code="3">v. 177 Jan-June 1962</subfield></datafield><datafield ind1=" " ind2=" " tag="900"><subfield code="a">Shared</subfield><subfield code="b">NA</subfield></datafield></record><record><datafield ind1=" " ind2=" " tag="876"><subfield code="p">33433006979920</subfield><subfield code="h">In Library Use</subfield><subfield code="a">.i100094259</subfield><subfield code="j">Available</subfield><subfield code="t">1</subfield><subfield code="3">v. 178 July-Dec 1962</subfield></datafield><datafield ind1=" " ind2=" " tag="900"><subfield code="a">Shared</subfield><subfield code="b">NA</subfield></datafield></record><record><datafield ind1=" " ind2=" " tag="876"><subfield code="p">33433006979938</subfield><subfield code="h">In Library Use</subfield><subfield code="a">.i100094260</subfield><subfield code="j">Available</subfield><subfield code="t">1</subfield><subfield code="3">v. 179 Jan-June 1963</subfield></datafield><datafield ind1=" " ind2=" " tag="900"><subfield code="a">Shared</subfield><subfield code="b">NA</subfield></datafield></record><record><datafield ind1=" " ind2=" " tag="876"><subfield code="p">33433006979946</subfield><subfield code="h">In Library Use</subfield><subfield code="a">.i100094272</subfield><subfield code="j">Available</subfield><subfield code="t">1</subfield><subfield code="3">v. 180 July-Dec 1963</subfield></datafield><datafield ind1=" " ind2=" " tag="900"><subfield code="a">Shared</subfield><subfield code="b">NA</subfield></datafield></record><record><datafield ind1=" " ind2=" " tag="876"><subfield code="p">33433006979953</subfield><subfield code="h">In Library Use</subfield><subfield code="a">.i100094284</subfield><subfield code="j">Available</subfield><subfield code="t">1</subfield><subfield code="3">v. 181 Jan-June 1964</subfield></datafield><datafield ind1=" " ind2=" " tag="900"><subfield code="a">Shared</subfield><subfield code="b">NA</subfield></datafield></record><record><datafield ind1=" " ind2=" " tag="876"><subfield code="p">33433006979961</subfield><subfield code="h">In Library Use</subfield><subfield code="a">.i100094296</subfield><subfield code="j">Available</subfield><subfield code="t">1</subfield><subfield code="3">v. 182 July-Dec 1964</subfield></datafield><datafield ind1=" " ind2=" " tag="900"><subfield code="a">Shared</subfield><subfield code="b">NA</subfield></datafield></record><record><datafield ind1=" " ind2=" " tag="876"><subfield code="p">33433006979979</subfield><subfield code="h">In Library Use</subfield><subfield code="a">.i100094302</subfield><subfield code="j">Available</subfield><subfield code="t">1</subfield><subfield code="3">v. 183 Jan-June 1965</subfield></datafield><datafield ind1=" " ind2=" " tag="900"><subfield code="a">Shared</subfield><subfield code="b">NA</subfield></datafield></record><record><datafield ind1=" " ind2=" " tag="876"><subfield code="p">33433006979987</subfield><subfield code="h">In Library Use</subfield><subfield code="a">.i100094314</subfield><subfield code="j">Available</subfield><subfield code="t">1</subfield><subfield code="3">v. 184 July-Dec 1965</subfield></datafield><datafield ind1=" " ind2=" " tag="900"><subfield code="a">Shared</subfield><subfield code="b">NA</subfield></datafield></record><record><datafield ind1=" " ind2=" " tag="876"><subfield code="p">33433006979995</subfield><subfield code="h">In Library Use</subfield><subfield code="a">.i100094326</subfield><subfield code="j">Available</subfield><subfield code="t">1</subfield><subfield code="3">v. 185 Jan-June 1966</subfield></datafield><datafield ind1=" " ind2=" " tag="900"><subfield code="a">Shared</subfield><subfield code="b">NA</subfield></datafield></record><record><datafield ind1=" " ind2=" " tag="876"><subfield code="p">33433006980001</subfield><subfield code="h">In Library Use</subfield><subfield code="a">.i100094338</subfield><subfield code="j">Available</subfield><subfield code="t">1</subfield><subfield code="3">v. 186 July-Dec 1966</subfield></datafield><datafield ind1=" " ind2=" " tag="900"><subfield code="a">Shared</subfield><subfield code="b">NA</subfield></datafield></record><record><datafield ind1=" " ind2=" " tag="876"><subfield code="p">33433006980019</subfield><subfield code="h">In Library Use</subfield><subfield code="a">.i10009434x</subfield><subfield code="j">Available</subfield><subfield code="t">1</subfield><subfield code="3">v. 187 Jan-June 1967</subfield></datafield><datafield ind1=" " ind2=" " tag="900"><subfield code="a">Shared</subfield><subfield code="b">NA</subfield></datafield></record><record><datafield ind1=" " ind2=" " tag="876"><subfield code="p">33433006980027</subfield><subfield code="h">In Library Use</subfield><subfield code="a">.i100094351</subfield><subfield code="j">Available</subfield><subfield code="t">1</subfield><subfield code="3">v. 188 July-Dec 1967</subfield></datafield><datafield ind1=" " ind2=" " tag="900"><subfield code="a">Shared</subfield><subfield code="b">NA</subfield></datafield></record><record><datafield ind1=" " ind2=" " tag="876"><subfield code="p">33433006980035</subfield><subfield code="h">In Library Use</subfield><subfield code="a">.i100094363</subfield><subfield code="j">Available</subfield><subfield code="t">1</subfield><subfield code="3">v. 189 Jan-June 1968</subfield></datafield><datafield ind1=" " ind2=" " tag="900"><subfield code="a">Shared</subfield><subfield code="b">NA</subfield></datafield></record><record><datafield ind1=" " ind2=" " tag="876"><subfield code="p">33433006980043</subfield><subfield code="h">In Library Use</subfield><subfield code="a">.i100094375</subfield><subfield code="j">Available</subfield><subfield code="t">1</subfield><subfield code="3">v. 190 July-Dec 1968</subfield></datafield><datafield ind1=" " ind2=" " tag="900"><subfield code="a">Shared</subfield><subfield code="b">NA</subfield></datafield></record><record><datafield ind1=" " ind2=" " tag="876"><subfield code="p">33433006980050</subfield><subfield code="h">In Library Use</subfield><subfield code="a">.i100094387</subfield><subfield code="j">Available</subfield><subfield code="t">1</subfield><subfield code="3">v. 191 Jan-June 1969</subfield></datafield><datafield ind1=" " ind2=" " tag="900"><subfield code="a">Shared</subfield><subfield code="b">NA</subfield></datafield></record><record><datafield ind1=" " ind2=" " tag="876"><subfield code="p">33433006980068</subfield><subfield code="h">In Library Use</subfield><subfield code="a">.i100094399</subfield><subfield code="j">Available</subfield><subfield code="t">1</subfield><subfield code="3">v. 192 July-Dec 1969</subfield></datafield><datafield ind1=" " ind2=" " tag="900"><subfield code="a">Shared</subfield><subfield code="b">NA</subfield></datafield></record><record><datafield ind1=" " ind2=" " tag="876"><subfield code="p">33433006980076</subfield><subfield code="h">In Library Use</subfield><subfield code="a">.i100094405</subfield><subfield code="j">Available</subfield><subfield code="t">1</subfield><subfield code="3">v. 193 Jan-June 1970</subfield></datafield><datafield ind1=" " ind2=" " tag="900"><subfield code="a">Shared</subfield><subfield code="b">NA</subfield></datafield></record><record><datafield ind1=" " ind2=" " tag="876"><subfield code="p">33433006980084</subfield><subfield code="h">In Library Use</subfield><subfield code="a">.i100094417</subfield><subfield code="j">Available</subfield><subfield code="t">1</subfield><subfield code="3">v. 194 July-Dec 1970</subfield></datafield><datafield ind1=" " ind2=" " tag="900"><subfield code="a">Shared</subfield><subfield code="b">NA</subfield></datafield></record><record><datafield ind1=" " ind2=" " tag="876"><subfield code="p">33433006980092</subfield><subfield code="h">In Library Use</subfield><subfield code="a">.i100094429</subfield><subfield code="j">Available</subfield><subfield code="t">1</subfield><subfield code="3">v. 195 Jan-June 1971</subfield></datafield><datafield ind1=" " ind2=" " tag="900"><subfield code="a">Shared</subfield><subfield code="b">NA</subfield></datafield></record><record><datafield ind1=" " ind2=" " tag="876"><subfield code="p">33433006980100</subfield><subfield code="h">In Library Use</subfield><subfield code="a">.i100094430</subfield><subfield code="j">Available</subfield><subfield code="t">1</subfield><subfield code="3">v. 196 July-Dec 1971</subfield></datafield><datafield ind1=" " ind2=" " tag="900"><subfield code="a">Shared</subfield><subfield code="b">NA</subfield></datafield></record><record><datafield ind1=" " ind2=" " tag="876"><subfield code="p">33433006980118</subfield><subfield code="h">In Library Use</subfield><subfield code="a">.i100094442</subfield><subfield code="j">Available</subfield><subfield code="t">1</subfield><subfield code="3">v. 197 Jan-June 1972</subfield></datafield><datafield ind1=" " ind2=" " tag="900"><subfield code="a">Shared</subfield><subfield code="b">NA</subfield></datafield></record><record><datafield ind1=" " ind2=" " tag="876"><subfield code="p">33433006980126</subfield><subfield code="h">In Library Use</subfield><subfield code="a">.i100094454</subfield><subfield code="j">Available</subfield><subfield code="t">1</subfield><subfield code="3">v. 198 July-Dec 1972</subfield></datafield><datafield ind1=" " ind2=" " tag="900"><subfield code="a">Shared</subfield><subfield code="b">NA</subfield></datafield></record><record><datafield ind1=" " ind2=" " tag="876"><subfield code="p">33433006980134</subfield><subfield code="h">In Library Use</subfield><subfield code="a">.i100094466</subfield><subfield code="j">Available</subfield><subfield code="t">1</subfield><subfield code="3">v. 199 Jan-June 1973</subfield></datafield><datafield ind1=" " ind2=" " tag="900"><subfield code="a">Shared</subfield><subfield code="b">NA</subfield></datafield></record><record><datafield ind1=" " ind2=" " tag="876"><subfield code="p">33433006980142</subfield><subfield code="h">In Library Use</subfield><subfield code="a">.i100094478</subfield><subfield code="j">Available</subfield><subfield code="t">1</subfield><subfield code="3">v. 200 July-Dec 1973</subfield></datafield><datafield ind1=" " ind2=" " tag="900"><subfield code="a">Shared</subfield><subfield code="b">NA</subfield></datafield></record><record><datafield ind1=" " ind2=" " tag="876"><subfield code="p">33433006980159</subfield><subfield code="h">In Library Use</subfield><subfield code="a">.i10009448x</subfield><subfield code="j">Available</subfield><subfield code="t">1</subfield><subfield code="3">v. 201 Jan-June 1974</subfield></datafield><datafield ind1=" " ind2=" " tag="900"><subfield code="a">Shared</subfield><subfield code="b">NA</subfield></datafield></record><record><datafield ind1=" " ind2=" " tag="876"><subfield code="p">33433006980167</subfield><subfield code="h">In Library Use</subfield><subfield code="a">.i100094491</subfield><subfield code="j">Available</subfield><subfield code="t">1</subfield><subfield code="3">v. 202 July-Dec 1974</subfield></datafield><datafield ind1=" " ind2=" " tag="900"><subfield code="a">Shared</subfield><subfield code="b">NA</subfield></datafield></record><record><datafield ind1=" " ind2=" " tag="876"><subfield code="p">33433006980175</subfield><subfield code="h">In Library Use</subfield><subfield code="a">.i100094508</subfield><subfield code="j">Available</subfield><subfield code="t">1</subfield><subfield code="3">v. 203 Jan-June 1975</subfield></datafield><datafield ind1=" " ind2=" " tag="900"><subfield code="a">Shared</subfield><subfield code="b">NA</subfield></datafield></record><record><datafield ind1=" " ind2=" " tag="876"><subfield code="p">33433006980183</subfield><subfield code="h">In Library Use</subfield><subfield code="a">.i10009451x</subfield><subfield code="j">Available</subfield><subfield code="t">1</subfield><subfield code="3">v. 204 July-Dec 1975</subfield></datafield><datafield ind1=" " ind2=" " tag="900"><subfield code="a">Shared</subfield><subfield code="b">NA</subfield></datafield></record><record><datafield ind1=" " ind2=" " tag="876"><subfield code="p">33433006980191</subfield><subfield code="h">In Library Use</subfield><subfield code="a">.i100094521</subfield><subfield code="j">Available</subfield><subfield code="t">1</subfield><subfield code="3">v. 205 Jan-June 1976</subfield></datafield><datafield ind1=" " ind2=" " tag="900"><subfield code="a">Shared</subfield><subfield code="b">NA</subfield></datafield></record><record><datafield ind1=" " ind2=" " tag="876"><subfield code="p">33433006980209</subfield><subfield code="h">In Library Use</subfield><subfield code="a">.i100094533</subfield><subfield code="j">Available</subfield><subfield code="t">1</subfield><subfield code="3">v. 206 July-Dec 1976</subfield></datafield><datafield ind1=" " ind2=" " tag="900"><subfield code="a">Shared</subfield><subfield code="b">NA</subfield></datafield></record><record><datafield ind1=" " ind2=" " tag="876"><subfield code="p">33433006980217</subfield><subfield code="h">In Library Use</subfield><subfield code="a">.i100094545</subfield><subfield code="j">Available</subfield><subfield code="t">1</subfield><subfield code="3">v. 207 Jan-June 1977</subfield></datafield><datafield ind1=" " ind2=" " tag="900"><subfield code="a">Shared</subfield><subfield code="b">NA</subfield></datafield></record><record><datafield ind1=" " ind2=" " tag="876"><subfield code="p">33433006980225</subfield><subfield code="h">In Library Use</subfield><subfield code="a">.i100094557</subfield><subfield code="j">Available</subfield><subfield code="t">1</subfield><subfield code="3">v. 208 July-Dec 1977</subfield></datafield><datafield ind1=" " ind2=" " tag="900"><subfield code="a">Shared</subfield><subfield code="b">NA</subfield></datafield></record><record><datafield ind1=" " ind2=" " tag="876"><subfield code="p">33433006980233</subfield><subfield code="h">In Library Use</subfield><subfield code="a">.i100094569</subfield><subfield code="j">Available</subfield><subfield code="t">1</subfield><subfield code="3">v. 210 July-Dec 1978</subfield></datafield><datafield ind1=" " ind2=" " tag="900"><subfield code="a">Shared</subfield><subfield code="b">NA</subfield></datafield></record><record><datafield ind1=" " ind2=" " tag="876"><subfield code="p">33433006980241</subfield><subfield code="h">In Library Use</subfield><subfield code="a">.i100094570</subfield><subfield code="j">Available</subfield><subfield code="t">1</subfield><subfield code="3">v. 209 Jan-June 1978</subfield></datafield><datafield ind1=" " ind2=" " tag="900"><subfield code="a">Shared</subfield><subfield code="b">NA</subfield></datafield></record><record><datafield ind1=" " ind2=" " tag="876"><subfield code="p">33433006980258</subfield><subfield code="h">In Library Use</subfield><subfield code="a">.i100094582</subfield><subfield code="j">Available</subfield><subfield code="t">1</subfield><subfield code="3">v. 211 Jan-June 1979</subfield></datafield><datafield ind1=" " ind2=" " tag="900"><subfield code="a">Shared</subfield><subfield code="b">NA</subfield></datafield></record><record><datafield ind1=" " ind2=" " tag="876"><subfield code="p">33433006980266</subfield><subfield code="h">In Library Use</subfield><subfield code="a">.i100094594</subfield><subfield code="j">Available</subfield><subfield code="t">1</subfield><subfield code="3">v. 212 July-Dec 1979</subfield></datafield><datafield ind1=" " ind2=" " tag="900"><subfield code="a">Shared</subfield><subfield code="b">NA</subfield></datafield></record><record><datafield ind1=" " ind2=" " tag="876"><subfield code="p">33433007965712</subfield><subfield code="h">In Library Use</subfield><subfield code="a">.i100094600</subfield><subfield code="j">Available</subfield><subfield code="t">1</subfield><subfield code="3">v. 52 1899 inc</subfield></datafield><datafield ind1=" " ind2=" " tag="900"><subfield code="a">Shared</subfield><subfield code="b">NA</subfield></datafield></record></collection></content></items></holding></holdings></bibRecord>
</bibRecords>